<?xml version="1.0" encoding="UTF-8"?><record xmlns="http://www.loc.gov/MARC21/slim" xmlns:cinclude="http://apache.org/cocoon/include/1.0" xmlns:zs="http://www.loc.gov/zing/srw/">
  <leader>01024cz  a2200217n  4500</leader>
  <controlfield tag="001">n  80115237 </controlfield>
  <controlfield tag="003">DLC</controlfield>
  <controlfield tag="005">20100930074704.0</controlfield>
  <controlfield tag="008">800910n| acannaabn          |b aaa      </controlfield>
  <datafield tag="010" ind1=" " ind2=" ">
    <subfield code="a">n  80115237 </subfield>
  </datafield>
  <datafield tag="035" ind1=" " ind2=" ">
    <subfield code="a">(OCoLC)oca00495908</subfield>
  </datafield>
  <datafield tag="040" ind1=" " ind2=" ">
    <subfield code="a">DLC</subfield>
    <subfield code="b">eng</subfield>
    <subfield code="c">DLC</subfield>
    <subfield code="d">OCoLC</subfield>
    <subfield code="d">DLC</subfield>
  </datafield>
  <datafield tag="100" ind1="1" ind2=" ">
    <subfield code="a">Kokontei, Shinchō,</subfield>
    <subfield code="d">1938-2001</subfield>
  </datafield>
  <datafield tag="400" ind1="1" ind2=" ">
    <subfield code="a">Minobe, Kyōji,</subfield>
    <subfield code="d">1938-2001</subfield>
  </datafield>
  <datafield tag="400" ind1="1" ind2=" ">
    <subfield code="a">古今亭志ん朝,</subfield>
    <subfield code="d">1938-2001</subfield>
  </datafield>
  <datafield tag="400" ind1="1" ind2=" ">
    <subfield code="a">古令亭志ん朝,</subfield>
    <subfield code="d">1938-2001</subfield>
  </datafield>
  <datafield tag="667" ind1=" " ind2=" ">
    <subfield code="a">Machine-derived non-Latin script reference project.</subfield>
  </datafield>
  <datafield tag="667" ind1=" " ind2=" ">
    <subfield code="a">Latin and non-Latin script references not evaluated.</subfield>
  </datafield>
  <datafield tag="670" ind1=" " ind2=" ">
    <subfield code="a">His Ē chotto ukagaimasu, 1980:</subfield>
    <subfield code="b">t.p. (Kokontei Shinchō)</subfield>
  </datafield>
  <datafield tag="670" ind1=" " ind2=" ">
    <subfield code="a">Chosakuken daichō, 1971</subfield>
    <subfield code="b">(Kokontei Shinchō; real name: Minobe Kyōji; b. Mar. 10, Shōwa 13 [1938])</subfield>
  </datafield>
  <datafield tag="670" ind1=" " ind2=" ">
    <subfield code="a">Email from Toccata Corp., pt. 28, 2010</subfield>
    <subfield code="b">(Wikipedia (Japanese), Sept. 29, 2010: 古今亭志ん朝 = Kokontei Shinchō; b. Mar. 10, 1938, Tokyo; d. Oct. 1, 2001; rakugo-ka (storyteller); real name: 美濃部強次 = Minobe Kyōji)</subfield>
  </datafield>
</record>